
@misc{codes2015highway,
  title={The {H}ighway {C}ode},
  howpublished={\url{https://www.gov.uk/guidance/the-highway-code}},
  organization={Department of Transport, UK},
  note={Accessed: 2019-11-25},
  year={2015}
}

@misc{ViennaConv,
  title = {Vienna Convention on Road Traffic},
  howpublished = {\url{https://treaties.un.org}},
  note = {Accessed: 2019-10-03}
}
@misc{RoadTraffic1988,
  title = {UK Road Traffic Act 1988},
  howpublished = {\url{http://www.legislation.gov.uk/ukpga/1988/52/contents}},
  note = {Accessed: 2019-10-03}
}

@book{bergeron2012writing,
  title={Writing testbenches functional verification of HDL models},
  author={Bergeron, Janick},
  year={2012},
  publisher={Springer Science Business Media}
}

@misc{korosec2019waymo,
  title = {Waymo's self driving cars hit 10 million miles},
  author={Korosec, Kristen},
  journal={Tech Crunch},
  year={2019},
  howpublished = {\url{https://techcrunch.com/2018/10/10/waymos-self-driving-cars-hit-10-million-miles}},
  note = {Accessed: 2019-11-26}
}
@article{Koopman2018,
  author = {Koopman, Philip and Wagner, Michael},
  journal = {SAE Technical Paper Series},
  pages = {1--13},
  title = {{Toward a Framework for Highly Automated Vehicle Safety Validation}},
  volume = {1},
  year = {2018}
}
@article{Ulbrich2015,
  author = {Ulbrich, Simon and Menzel, Till and Reschka, Andreas and Schuldt, Fabian and Maurer, Markus},
  journal = {IEEE Conference on Intelligent Transportation Systems, Proceedings, ITSC},
  pages = {982--988},
  title = {{Defining and Substantiating the Terms Scene, Situation, and Scenario for Automated Driving}},
  volume = {2015-Oct},
  year = {2015}
}

@article{Javaid2013,
author = {Javaid, Ahmad Y. and Sun, Weiqing and Alam, Mansoor},
journal = {2013 IEEE Globecom Workshops, GC Wkshps 2013},
keywords = {UAV network,cyber security,network simulation,testbed,unmanned aerial vehicles},
pages = {1432--1436},
publisher = {IEEE},
title = {{UAVSim A simulation testbed for unmanned aerial vehicle network cyber security analysis}},
year = {2013}
}


@article{RobustnessAutonomy,
  title = {Robustness Testing of Autonomy Software},
  author = {Hutchison, Casidhe and Zizyte, Milda and Lanigan,Patrick and Guttendorf, David and Wagner, Michael and Le Goues, Claire and Koopman, Philip },
  journal = {International Conference on Software Engineering Software Engineering in Practice Track},
  doi = {10.1145/3183519.3183534},
  year = {2018},
}

@article{FatalityExample,
  title = {Preliminary Report Highway HWY18MH010},
  author = {},
  journal = {National Transportation Safety Board},
  howpublished = {\url{https://www.ntsb.gov/investigations/AccidentReports/Reports/HWY18MH010-prelim.pdf}},
  year = {2018},
}


@book{GameEngineArchBook,
  title = {Game Engine Architecture},
  edition={2},
  author = {Gregory, Jason},
  year={2017},
  publisher={CRC Press},
  chapter={7}
}

@book{GameProgPatternsBook,
  title = {Game Programming Patterns},
  edition={1},
  author = {Nystrom, Robert},
  year={2011},
  publisher={Genever Benning }
}

@book{FloatingPointsBook,
  title = {Handbook of Floating-Point Arithmetic},
  edition={2},
  author = {Muller, Jean-Michel and Brunie, Nicolas and Dinechin, Florent de and Jeannerod, Claude-Pierre and Joldes, Mioara and Lefevre, Vincent and Melquiond, Guillaume and Revol, Nathalie and Torres, Serge},
  year={2018},
  publisher={Springer International Publishing}
}

@article{FloatingPointArithmeticArticle,
  title = {What Every Computer Scientist Should Know About Floating-Point Arithmetic},
  author = {Goldberg, David},
  journal = {ACM Computing Surveys},
  year = {1991},
}

@article{CARLA_paper,
  title = {CARLA An Open Urban Driving Simulator},
  author = {Dosovitskiy, Alexey and Ros, German and  Codevilla, Felipe and Lopez, Antonio and Koltun, Vladlen},
  journal = {1st Conference on Robot Learning (CoRL)},
  year = {2017}
}

@misc{CARLABenchmark,
  author = {Codevilla, Felipe},
  title = {CARLA 0.8.2 Driving Benchmark},
  howpublished = {\url{http://carla.org/2018/04/23/release-0.8.2/}},
  note = {[Accessed: 26-03-2019]}
}


@misc{UnrealAIDocumentation,
  author = {Unreal Support Team},
  title = {AI and Behavior Trees},
  howpublished = {\url{https://docs.unrealengine.com/en-us/Gameplay/AI}},
  note = {[Accessed: 26-03-2019]}
}

@book{AStarBook,
  title = {Algorithm Engineering Selected Results and Surveys},
  edition = {2},
  author = {Kliemann, Lasse and Sanders, Peter},
  year = {2016},
  publisher = {Springer},
  doi = {10.1007/978-3-319-49487-6}
}

@misc{AirsimUnrealArticle,
  author = {Miglio, Sebastien},
  title = {AI in Unreal Engine learning through virtual simulations},
  howpublished = {\url{https://www.unrealengine.com/en-US/tech-blog/ai-in-unreal-engine-learning-through-virtual-simulations}},
  note = {[Accessed: 26-03-2019]}
}
@misc{UnrealSubSteppingArticle,
  author = {Unreal Support Team},
  title = {Physics Simulation},
  howpublished = {\url{https://docs.unrealengine.com/en-us/Engine/Physics/Substepping}},
  note = {[Accessed: 26-03-2019]}
}

@article{ListOfSimulators,
  title = {2018 The Year of the Simulation for Autonomous Vehicles},
  author = {Lakrintis, Angelos},
  journal = {Strategy Analytics},
  howpublished = {\url{https://www.strategyanalytics.com/access-services/automotive/autonomous-vehicles/reports/report-detail/simulation-for-autonomous-vehicles?Related}},
  year = {2018},
  note = {[Accessed: 18-12-2019]}
}

@article{FrameworkAndChallenges,
  title = {Verifying automated driving systems in simulation framework and challenges},
  author = {Saigol, Zeyn and Peters, Alan},
  journal = {25th ITS World Congress, Copenhagen},
  howpublished = {\url{http://zeynsaigol.com/ITS2018VerifyingADSinSimulation.pdf}},
  year = {2018},
}

@misc{CPU_stress,
  author = {Ubuntu},
  title = {Ubuntu Manuals},
  url = {http://manpages.ubuntu.com/manpages/bionic/man1/stress.1.html},
  note = {[Accessed: 17-12-2019]}
}

@misc{GPU_stress,
  author = {Ville Timonen},
  title = {GPU burn},
  url = {https://github.com/wilicc/gpu-burn},
  note = {[Accessed: 17-12-2019]}
}


@misc{monitoring_stresses,
  author = {Lambda labs},
  title = {Perform GPU, CPU, and I/O stress testing on Linux},
  url = {https://lambdalabs.com/blog/perform-gpu-and-cpu-stress-testing-on-linux/},
  note = {[Accessed: 17-12-2019]}
}

